% Abbreviation for BibTeX files:

% Journal names

@STRING{ACTA = "Acta Informatica"}
@STRING{AIAAJ = "AIAA Journal"}
@STRING{AJP = "American Journal of Physics"}
@STRING{ARFM = "Annual Review of Fluid Mechanics"}
@STRING{CACM = "Communications of the ACM"}
@STRING{CAMCOS = "Comm. App. Math. and Comp. Sci"}
@STRING{CMP = "Comm. Math. Phys."}
@STRING{COMP-SURVEY = "ACM Computing Surveys"}
@STRING{COMPLANG = "Computer Languages"}
@STRING{COMPUTER = "IEEE Computer"}
@STRING{CPAM = "Comm. Pure and Appl. Math."},
@STRING{IEEEASSP = "IEEE Transactions on Acoustics, Speech, 
	and Signal Processing"}
@STRING{IEEETC = "IEEE Transactions on Computers"}
@STRING{IEEETSE = "IEEE Transactions on Software Engineering"}
@STRING{IEEES = "IEEE Software"}
@STRING{IJSC = "International Journal on Supercomputing"}
@STRING{JACM = "Journal of the ACM"}
@STRING{JAS = "J. Aero. Sci."}
@STRING{JCP = "J. Comput. Phys."}
@STRING{JCSS = "Journal of Computer and System Sciences"}
@STRING{JFM = "J. Fluid Mech."}
@STRING{JOTA = "Journal of Optimization Theory and Applications"}
@STRING{JPDC = "Journal of Parallel and Distributed Computing"}
@STRING{LBL = "Lawrence Berkeley Laboratory"}
@STRING{NM = "Numerische Mathematique"}
@STRING{PES = "Polymer Engineering and Science"}
@STRING{PECS = "Progress in Energy and Combustion Science"}
@STRING{SIAMJC = "SIAM Journal on Computing"}
@STRING{SIAMJNA = "SIAM J. Numer. Anal."}
@STRING{SIAMJSSC = "SIAM Journal on Scientific and Statistical Computing"}
@STRING{SIAMJSC = "SIAM Journal on Scientific Computing"}
@STRING{SIAMJAM = "SIAM Journal on Applied Mathematics "}
@STRING{SIGPLANNOTICES = "ACM SIGPLAN Notices"}
@STRING{SPE = "Software Practice \& Experience"}
@STRING{SPET = "SPE Transactions"}
@STRING{TOMS = "ACM Transactions on Mathematical Software"}
@STRING{TOPLAS = "ACM Transactions on Programming Languages and Systems"}
@STRING{TUGBOAT = "{\sc TUGboat}: The Communications of the {\TeX}
	Users Group"}



% Department names

@STRING{CMUCS = "Dept. of Computer Science, Carnegie Mellon Univ."}
@STRING(HARVCS = "Center for Research in Computing Technology, Harvard Univ.")
@STRING{INCS = "Computer Science Dept., Indiana Univ."}
@STRING{MITAI = "MIT AI Laboratory"}
@STRING{LLNL = "Lawrence Livermore National Laboratory"}
@STRING{LANL = "Los Alamos National Laboratory"}
@STRING{MITLCS = "MIT Laboratory for Computer Science"}
@STRING{RICECS = "Dept. of Computer Science, Rice Univ."}
@STRING{SUCS = "Dept. of Computer Science, Stanford Univ."}
@STRING{SUCSL = "Computer System Laboratory, Stanford Univ."}
@STRING{UCBCS = "Computer Science Division (EECS), Univ. California, Berkeley"}
@STRING{UCBEECS = "EECS Department, University of California, Berkeley"}
@STRING{UICS = "Dept. of Computer Science, Univ. of Illinois at Urbana-Champaign"}
@STRING{CSRD = "Center for Supercomputing Research \& Development, Univ. of Illinois at Urbana-Champaign"}
@STRING{UUCS = "Dept. of Computer Science, Univ. of Utah"}
@STRING{UUDSC = "Uppsala University Dep. of Sci. Comp."}
@STRING{UCLAMATH = "Dept. of Mathematics, Univ. of California, Los Angeles"}
@STRING{UCDENVERMATH = "Dept. of Mathematics, Univ. of Colorado, Denver"}
@STRING{YALECS = "Yale Univ., Dept. of Computer Science"}
@STRING{RICE = "Dept. of Computer Science, Rice Univ."}
@STRING{NYU = "Dept. of Computer Science, Courant Institute, NYU"}
@STRING{UROCH = "Computer Science Department, University of Rochester"}
@STRING{AILUT = "Artifical Intelligence Laboratory, The University of Texas at Austin"}
@STRING{UCBMATH = "Dept. of Mathematics, Univ. of California, Berkeley"}
@STRING{UCBME = "Dept. of Mechanical Engineering, Univ. of California, Berkeley"},
@STRING{AIAA = "American Institute of Aeronautics and Astronautics"},
% Research Laboratories

@STRING{BTL = "Bell Telephone Laboratories"}
@STRING{ATTBTL = "AT\&T Bell Telephone Laboratories"}
@STRING{DECSRC = "Digital Equipment Corp., System Research Center"}
@STRING{DECWRL = "Digital Equipment Corp., Western Research Laboratory"}
@STRING{BBN = "Bolt Beranek and Newman"}
@STRING{IBMW = "IBM Thomas J. Watson Research Center"}
@STRING{IMEC = "IMEC Laboratory, Kapeldreef 75, B-3030 Leuven, Belgium"}
@STRING{PARC = "Xerox Palo Alto Research Center"}

% Publishers

@STRING{SPRINGER = "Springer-Verlag"}


% Conference proceedings names 

@STRING{ARCH10 = "The 10th Annual International Symposium
	on Computer Architecture"}
@STRING{LDFRS = "Proceedings of an ACM Conference on Language Design for
Reliable Software, SIGPLAN Notices, Vol 12, No. 3"},
@STRING{ICS87 = "Proceedings of the Second International Conference
on Supercomputing"}
@STRING{ICS88 = "Proceedings of the 1988 International Conference
on Supercomputing"}
@STRING{ICPP84 = "Proceedings of the 1984 International Conference on Parallel
Processing"}
@STRING{ICPP85 = "Proceedings of the 1985 International Conference on Parallel
Processing"}
@STRING{ICPP86 = "Proceedings of the 1986 International Conference on Parallel
Processing"}
@STRING{ICPP87 = "Proceedings of the 1987 International Conference on Parallel
Processing"}

@STRING{PLDI88 = "Proceedings of the SIGPLAN '88 Conference
	on Programming Language Design and Implementation"}
@STRING{PLDI89 = "Proceedings of the SIGPLAN '89 Conference
	on Programming Language Design and Implementation"}
@STRING{PLDI90 = "Proceedings of the SIGPLAN '90 Conference
	on Programming Language Design and Implementation"}

@STRING{PPEALS = "Proceedings of the Symposium on Parallel
Programming: Experience with Applications, Languages and Systems"}

@STRING{SAIPL = "Proceedings of the Symposium on Artifical Intelligence
and Programming Languages, SIGPLAN Notices"}

@STRING{LISPC80 = "Conference Record of the 1980 LISP Conference"}
@STRING{LISPC82 = "Conference Record of the 1982 ACM Symposium on LISP and
Functional Programming"}
@STRING{LISPC84 = "Conference Record of the 1984 ACM Symposium on LISP and
Functional Programming"}
@STRING{LISPC86 = "Proceedings of the 1986 ACM Conference on LISP and
Functional Programming"}
@STRING{LISPC88 = "Proceedings of the 1988 ACM Conference on LISP and
Functional Programming"}
@STRING{LISPC89 = "Proceedings of the 1989 ACM Conference on LISP and
Functional Programming"}
@STRING{LISPC90 = "Proceedings of the 1990 ACM Conference on LISP and
Functional Programming"}
@STRING{LISPC91 = "Proceedings of the 1991 ACM Conference on LISP and
Functional Programming"}
@STRING{LISPC92 = "Proceedings of the 1992 ACM Conference on LISP and
Functional Programming"}
@STRING{LISPC93 = "Proceedings of the 1993 ACM Conference on LISP and
Functional Programming"}

@STRING(POPL1 = "Conference Record of the ACM Symposium on Principles
of Programming Languages")
@STRING(POPL2 = "Conference Record of the Second ACM Symposium on Principles
of Programming Languages")
@STRING(POPL3 = "Conference Record of the Third ACM Symposium on Principles
of Programming Languages")
@STRING(POPL4 = "Conference Record of the Fourth ACM Symposium on Principles
of Programming Languages")
@STRING(POPL5 = "Conference Record of the Fifth ACM Symposium on Principles
of Programming Languages")
@STRING(POPL6 = "Conference Record of the Sixth ACM Symposium on Principles
of Programming Languages")
@STRING(POPL7 = "Conference Record of the Seventh ACM Symposium on Principles
of Programming Languages")
@STRING(POPL8 = "Conference Record of the Eighth ACM Symposium on Principles
of Programming Languages")
@STRING(POPL9 = "Conference Record of the Ninth ACM Symposium on Principles
of Programming Languages")
@STRING(POPL10 = "Conference Record of the Tenth ACM Symposium on Principles
of Programming Languages")
@STRING(POPL11 = "Conference Record of the Eleventh ACM Symposium on
Principles of Programming Languages")
@STRING(POPL12 = "Conference Record of the Twelfth ACM Symposium on Principles
of Programming Languages")
@STRING(POPL13 = "Conference Record of the Thirteenth ACM Symposium on
Principles of Programming Languages")
@STRING(POPL14 = "Conference Record of the Fourteenth ACM Symposium on
Principles of Programming Languages")
@STRING(POPL15 = "Conference Record of the Fourteenth ACM Symposium on
Principles of Programming Languages")
@STRING{POPL16 = "Conference Record of the Sixteenth Annual ACM Symposium
	on Principles of Programming Languages"}

@STRING(CCC79 = "Proceedings of the ACM SIGPLAN 1979 Symposium on Compiler 
Construction")
@STRING(CCC82 = "Proceedings of the ACM SIGPLAN 1982 Symposium on Compiler 
Construction")
@STRING(CCC84 = "Proceedings of the ACM SIGPLAN 1984 Symposium on Compiler 
Construction")
@STRING(CCC86 = "Proceedings of the ACM SIGPLAN '86 Symposium on Compiler 
Construction")
@STRING(INTER87 = "Proceedings of the SIGPLAN '87 Symposium on Interpreters and
Interpretive Techniques")

@STRING{COMPCON20 = "Proceedings 20th {IEEE} Computer Society International
Conference ({COMPCON})"}

@STRING{OOPSLA = "{OOPSLA '86}: Object-Oriented Programming Systems, Languages
and Applications Conference Proceedings"}

@STRING{ARCH80 = "Proceedings of the 7th Annual International Symposium on
Computer Architecture"}
@STRING{ARCH82 = "Proceedings of the 9th Annual International Symposium on
Computer Architecture"}
@STRING{ARCH84 = "Proceedings of the 11th Annual International Symposium on
Computer Architecture"}
@STRING{ARCH85 = "Proceedings of the 12th Annual International Symposium on
Computer Architecture"}
@STRING{ARCH86 = "Proceedings of the 13th Annual International Symposium on
Computer Architecture"}

@STRING{ASPLOS2 = "Proceedings of the Second International Conference on
Architecturral Support for Programming Languages and Operating Systems
(ASPLOS II)"}

@STRING{VLSISP = "IEEE Workshop on VLSI Signal Processing"}

@STRING{jcp = "J. Comput. Phys."}
@STRING{phyfl = "Physics of Fluids"}
@STRING{jfm = "J. Fluid Mech."}
@STRING{sissc = "SIAM J. Sci. Stat. Comput."}
@STRING{exfl = "Experiments in Fluids"} 

@INPROCEEDINGS{bell_colella_welcome_91,
author = {J.B. Bell and  P. Colella and M.L. Welcome},
title = {Conservative Front-Tracking for Inviscid Compressible Flow},
booktitle=  {AIAA 10th Computational Fluid Dynamics Conference. Honolulu},
pages={814-822},
year= 1991,
}

@TECHREPORT{chern_colella_87,
author = {I. L. Chern and P. Colella},
title = {A Conservative Front-Tracking Method for Hyperbolic
Conservation Laws},
number = {UCRL-97200},
institution= {Lawrence Livermore National Laboratory},
year = 1987,
}

@ARTICLE{woodwardColella:1984,
author = {P. R. Woodward and P. Colella},
title = {The numerical simulation of two-dimensional fluid flow with strong
shocks},
journal= JCP,
volume = {54},
year = {1984},
pages = {115-173}
}

@ARTICLE{trebColella:2001,
    AUTHOR = {D. Trebotich and P. Colella},
    TITLE = {A Projection Method for 
Incompressible Viscous Flow on Moving Quadrilateral Grids}, 
    YEAR = {2001},
    NUMBER = 166,
    JOURNAL = JCP,
    PAGES = {191-217}
}

@ARTICLE{SBCL:2005,
    AUTHOR = {P. Schwartz and M. Barad and P. Colella and T. Ligocki},
    TITLE = {A {C}artesian Grid Embedded Boundary Method for the Heat Equation and {P}oisson's Equation in Three Dimensions},
    JOURNAL= JCP,
    VOLUME={211},
    NUMBER={2},
    MONTH=Jan,
    YEAR={2006},
    PAGES={531-550}
}

@ARTICLE{colellaWoodward:1984,
author = {P. Colella and P. R. Woodward},
title = {The piecewise parabolic method ({PPM}) for gas-dynamical simulations},
journal= JCP,
volume = {54},
year = {1984},
pages = {174-201}
}


@TechReport{woodward:1983,
  author =       {Paul R. Woodward},
  title =        {Piecewise-Parabolic Methods for Astrophysical Fluid Dynamics},
  institution =  {Lawrence Livermore National Laboratory},
  year =         {1983},
  key =       {UCRL-90009},
  OPTtype =      {},
  OPTnumber =    {},
  OPTaddress =   {},
  OPTmonth =     {},
  note =      {prepared for Proceedings of the {NATO} Advanced Workshop in Astrophysical Radiation Hydrodynamics, Munich, West Germany, August 1982.},
  OPTannote =    {}
}

@TECHREPORT{day_98,
author = {Marcus S. Day and Phillip Colella and Michael J. Lijewski and
Charles A. Rendleman and Daniel L. Marcus},
title = {Embedded Boundary Algorithms for Solving the {P}oisson Equation
on Complex Domains},
number = {LBNL-41811},
institution= {Lawrence Berkeley National Laboratory},
year = 1998,
}

@ARTICLE{Pember95,
author ={R.B. Pember and  J.B. Bell and P. Colella and  W. Y. Crutchfield and M.L. Welcome},
title = {An Adaptive Cartesian Grid Method for Unsteady Compressible Flow in
  Irregular Regions},
journal = {Journal of Computational Physics},
volume= 120,
pages = {278-304},
year = 1995
}

@INPROCEEDINGS{ModianoColella2000,
	author={D. Modiano and P. Colella},
	title={A Higher-Order Embedded Boundary Method for 
 Time-Dependent Simulation of Hyperbolic Conservation Laws},
	booktitle={ASME 2000 Fluids Engineering Division Summer Meeting},
	year=2000,
}
@ARTICLE{KohnBaden1996,
	author={Scott R. Kohn and Scott B. Baden},
	title={Irregular coarse-grain data parallelism under LPARX},
	journal={J. Scientific Programming},
	year=1996,
}
@ARTICLE{BergerBokhari1986,
	author={M. Berger and S. Bokhari},
	title={A Partitioning Strategy 
 for Non-Uniform Problems on
Multiprocessors},
	journal={IEEE Trans. Comp.},
	year=1986,
}
@ARTICLE{bergerOliger:1984,
    AUTHOR = {M. Berger and J. Oliger},
    TITLE = {Adaptive Mesh Refinement for Hyperbolic Partial Differential
    Equations},
    JOURNAL = JCP,
    VOLUME = {53},
    MONTH = Mar,
    PAGES = {484--512},
    YEAR = {1984}
}
@ARTICLE{BergerSaltzman1994,
	author={M. Berger and J. Saltzman},
	title={AMR on the CM-2},
	journal={Applied Numerical Math},
	year=1994,
}
@ARTICLE{CCSE1999,
	author={Charles A. Rendleman and Vincent E. Beckner 
and Mike Lijewski and William Crutchfield and John B. Bell},
	title={Parallelization of Structured, Hierarchical
               Adaptive Mesh Refinement Algorithms},
	journal={Computing and Visualization},
	year=1999,
}
@ARTICLE{JohansenColella1998,
	author={Hans Johansen and Phillip Colella},
	title={A Cartesian Grid Embedded Boundary Method
        for {P}oisson's Equation on Irregular Domains},
	journal=jcp,
	year=1998,
}
@ARTICLE{MartinColella2000,
	author={D Martin and P Colella},
	title={A cell-centered adaptive projection method for the 
               incompressible {E}uler equations},
	journal=jcp,
	year=2000,
}

@UNPUBLISHED{ChomboDesign,
        author={P. Colella and D. T. Graves and N.D. Keen and T. J. Ligocki and
D. F. Martin and P.W. McCorquodale and D. Modiano and P.O. Schwartz and T.D. Sternberg and B. Van Straalen},
        title={{Chombo Software Package for AMR Applications - Design Document}},
        note="unpublished",
        year=2000,
}
@PHDTHESIS{MARTTHESIS,
        author={Daniel Francis Martin},
        title={An Adaptive Cell-Centered Projection 
               Method for the Incompressible {E}uler Equations},
        school={University of California, Berkeley},
        year=1998,
}
@PHDTHESIS{HANKTHESIS,
        author={Hans Svend Johansen},
        title={Cartesian Grid embedded Boundary Finite 
               Difference Methods for Elliptic and Parabolic Partial Differential 
               Equations on Irregular Domains},
        school={University of California, Berkeley},
        year=1997,
}
@ARTICLE{MARTCART,
	author={D. F. Martin and K. L. Cartwright},
	title={Solving {P}oisson's equation using adaptive mesh refinement},
	journal={Technical Report UCB/ERI M96/66 UC Berkeley},
	year=1996,
}
@UNPUBLISHED{CGFMF,
        author = "P. Colella and H. Glaz and R. Ferguson",
        title = {{Multifluid Algorithms for Eulerian Finite Difference Methods}},
        note = "in preparation",
        year = 1991,
}
@ARTICLE{MPMF,
	author={Gregory Hale Miller and Elbridge Gerry Puckett},
	title={A High-Order {G}odunov Method for Multiple Condensed Phases},
	journal = jcp,
	volume=128,
	year=1996,
}
@ARTICLE{millerColella:2002,
	author={G, H. Miller and P. Colella},
	title={A conservative three-dimensional {E}ulerian method for
	coupled solid-fluid shock capturing},
	journal = jcp,
	volume=183,
	year=2002,
	pages = {26--82}
}
@ARTICLE{HCPMF,
	author={John Helmsen, Phillip Colella, E. Gerry Puckett},
	title={Non-Convex Profile Evolution in Two Dimensions
		Using Volume of Fluids},
	journal = jcp,
	volume=128,
	year=1996,
}
@INCOLLECTION{SAFFMAN,
	author={D. W. Moore and P. G. Saffman},
	title={Structure of a Line Vortex in an Imposed Strain},
	booktitle={Aircraft Wake Turbulence and its detection},
        publisher={Plenum Press},
        editor={John H. Olsen and Arnold Goldburg and Milton Rogers},
        address={New York, NY},
        year={1971},
}
@INCOLLECTION{PUCKETT,
	author={Elbridge Gerry Puckett},
	title={Vortex Methods: An Introduction and Survey of Selected
		  Research Topics},
	booktitle={Incompressible Computational Fluid Dynamics Trends
		  and Advances},
        publisher={Cambridge University Press},
        editor={Max D. Gunzburger and Roy A. Nicolaides},
        address={Cambridge},
        year={1993},
}
@BOOK{hockneyEastwood:1981,
	author={Roger W. Hockney and James W. Eastwood},
	title={Computer Simulation Using Particles},
        publisher={McGraw-Hill},
        address={New York, NY},
        year={1981},
}

@BOOK{COURANTANDFRIED,
	author={R. Courant and K. O. Friedrichs},
	title={Supersonic Flow and Shock Waves},
        publisher={NYU},
        address={New York, NY},
        year={1948},
}
@BOOK{DEMMEL,
	author={R. Barrett and  M. Berry and T. Chan
                and J. Demmel and J. Donato and J. Dongarra 
               and  V. Eijkhout and R. Pozo and 
               C. Romine and H. Van der Vorst},
	title={Templates for the Solution of Linear Systems: Building
               Blocks for Iterative Methods},
        publisher={SIAM},
        address={Philadelphia, PA},
        year={1994},
}
@BOOK{LEVEQUEBOOK,
	author={Randall J. LeVeque},
	title={Numerical Methods for Conservation Laws},
        publisher={Birkhauser-Verlag},
        address={Basel, Boston, Berlin},
        year={1990},
}
@BOOK{HALTINER,
	author={G.J. Haltiner and R. T. Williams},
	title={Numerical Prediction and Dynamic Meteorology},
        publisher={John Wiley and Sons},
        address={New York, NY},
        year={1980},
}
@BOOK{GUSTA,
	author={Karl E. G Gustafson and James A. Sethian},
	title={Vortex Methods and Vortex Motion},
        publisher={SIAM},
        address={Philadelphia, PA},
        year={1991},
}
@BOOK{BRIGGS,
	author={W. L. Briggs},
	title={A Multigrid Tutorial},
        publisher={SIAM},
        address={Philadelphia, PA},
        year={1987},
}
@BOOK{ROACHE,
	author={Patrick J. Roache},
	title={Computational Fluid Dynamics},
        publisher={Hermosa Publishers},
        address={Albuquerque, NM},
        year={1972},
}
@BOOK{ANDERSON,
	author={John D. Anderson, Jr.},
	title={Computational Fluid Dynamics: The Basics with Applications},
        publisher={McGraw-Hill},
        address={New York, NY},
        year={1995},
}

@BOOK{GHIL,
	author={M. Ghil and S. Childress},
	title={Topics in Geophysical Fluid Dynamics: 
		  Atmospheric Dynamics, Dynamo Theory,
		  and Climate Dynamics},
        publisher={Springer-Verlag},
        address={New York, NY},
        year={1987},
}
@BOOK{GREENSPAN,
	author={H. P. Greenspan},
	title={The Theory of Rotating Fluids},
        publisher={Cambridge University Press},
        address={London},
        year={1968},
}
@BOOK{WASHINGTON,
	author={Warren M. Washington and Claire L. Parkinson},
	title={An Introduction to Three-Dimensional Climate Modeling},
        publisher={University Science Books},
        address={Mill Valley, CA},
        year={1986},
}
@BOOK{PEDLOSKY,
	author={Joseph Pedlosky},
	title={Geophysical Fluid Dynamics},
        publisher={Springer-Verlag},
        address={New York, NY},
        year={1979},
}
@BOOK{GILL,
	author={Adrian E. Gill},
	title={Atmosphere-Ocean Dynamics},
        publisher={Academic Press},
        address={New York, NY},
        year={1982},
}
@BOOK{Schlichting,
	author={Hermann Schlichting},
	title={Boundary Layer Theory},
        publisher={McGraw-Hill},
        edition="Seventh",
        year={1979},
}
@ARTICLE{HARLOW,
	author={F.J. Harlow and J.E. Welsh},
	title={Numerical Calculation of Time Dependent  Viscous
		  Incompressible Flow with Free Surface},
	journal=phyfl,
	volume=8,
	year=1965,
}
@ARTICLE{ORZAG,
	author={S. A. Orzag},
	title={Transform method for calculation of vector-coupled
		  sums: Application to the spectral form of the
		  vorticity equation},
	journal={Journal of Atmospheric Sciences},
	volume=27,
	pages={890-895},
	year=1970,
}
@ARTICLE{OLIGER,
	author={J. Oliger and A. Sundstrom},
	title={Theoretical and practical aspects of some 
		  initial boundary value problems
                  in fluid dynamics},
	journal={SIAM Journal on Applied Mathematics}, 
	volume=35,
	number=3,
	pages={419-446},
	year=1978,
}
@ARTICLE{BRYAN,
	author={Kirk Bryan},
	title={A Numerical Investigation of a Nonlinear Model of a
		  Wind-Driven Ocean},
	journal={Journal of the Atmospheric Sciences},
	volume=20,
	pages={594-606},
	year=1963,
}
@ARTICLE{SEMTNER,
	author={Albert J. Semtner, Jr.. and Yale Mintz},
	title={Numerical Investigation the Gulf Stream and Mid-Ocean Eddies},
	journal={Journal of the Physical Oceanography},
	volume=7,
	pages={208-229},
	year=1977,
}
@ARTICLE{CHERVIN,
	author={Albert J. Semtner, Jr.. and R.M. Chervin},
	title={Ocean General Circulation from a Global Eddy-Resolving
		  Model},
	journal={Journal Geophysical Research-Oceans},
	volume=97,
	pages={5493-5550},
	year=1992,
}
@ARTICLE{AJC1,
	author={A. J. Chorin},
	title={On the convergence of discrete approximations to the
		{N}avier-{S}tokes equations},
	journal={Math. Comp.},
	volume=23,
	pages={341-353},
	year=1969,
}
@INCOLLECTION{COX,
	author={M. D. Cox},
	title={A Baroclinic Model of the World's Ocean},
	booktitle={Numerical Models of Ocean Circulation},
        publisher={National Academy of Sciences},
        address={Washington, DC},
	pages={107-120},
        year={1975},
}
@ARTICLE{AJC3,
	author={A. J. Chorin},
	title={Numerical Study for Slightly Viscous Flow},
	journal=jfm,
	volume=57,
	pages={785-796},
	year=1973,
}
@ARTICLE{ANDER,
	author={C. Anderson},
	title={A Method of Local Corrections for Computing the 
		  Velocity field due to a Distribution of Vortex Blobs},
	journal=jcp,
	volume=62,
	number=1,
	pages={111-123},
	year=1986,
}
@ARTICLE{HOCKNEY1,
	author={R. W. Hockney},
	title={A Fast Direct Solution of {P}oisson's Equation Using
		  Fourier Analysis},
	journal={J. Association of Computing Machinery},
	volume=12,
	number=1,
	pages={95--113},
	year=1965,
}

@ARTICLE{HOCKNEY2,
	author={R. W. Hockney},
	title={The Potential Calculation and Some Applications},
	journal={Methods in Computational Physics},
	volume=9,
        pages={135--211},
	year=1970,
}

@ARTICLE{MINION,
	author={David L. Brown and Michael L. Minion},
	title={Performance of Under-Resolved Two-Dimensional
		  Incompressible Flow Simulations},
	journal=jcp,
	volume=122,
	pages={165-183},
	year=1995,
} 

@Article{MinionAMR,
  author = 	 {Michael L. Minion},
  title = 	 {A Projection Method for Locally Refined Grids},
  journal = 	 {J. Comput. Phys.},
  year = 	 {1996},
  OPTkey = 	 {},
  volume = 	 {127},
  number = 	 {1},
  pages = 	 {158-178},
  month = 	 {Aug.},
  OPTnote = 	 {},
  OPTannote = 	 {}
}


@PhdThesis{minionThesis,
  author = 	 {Michael Minion},
  title = 	 {Two Methods for the Study of Vortex Patch Evolution on Locally Refined Grids},
  school = 	 {U.C. Berkeley},
  year = 	 {1994},
  OPTkey = 	 {},
  OPTtype = 	 {},
  OPTaddress = 	 {},
  month = 	 {May},
  OPTnote = 	 {},
  OPTannote = 	 {}
}

@ARTICLE{STRIKWERDA,
	author={J. C. Strikwerda},
	title={Finite Difference Methods for the Stokes and
		  {N}avier-{S}tokes Equations},
	journal={SIAM J. Sci. Stat. Comput.},
	volume=5,
	number=1,
	pages={56-58},
	year=1984,
}
@ARTICLE{SWINNEY1,
	author={S. D. Meyers and J. Sommeria and  Harry L. Swinney},
	title={Laboratory study of the Dynamics of Jovian-Type Vortices},
	journal={Physica D},
	volume=37,
	pages={515-530},
	year=1993,
}
@ARTICLE{SWINNEY2,
	author={T. H. Solomon and W. J. Holloway and Harry L. Swinney},
	title={Shear flow instabilities and {R}ossby waves in
		  barotropic flow in a rotating annulus},
	journal={Phys. Fluids A},
	volume=5,
	number=8,
	pages={1971-1982},
	year=1993,
}
@ARTICLE{SWINNEY3,
	author={Robert P. Behringer and Steven D. Meyers and  
		  and Harry L. Swinney},
	title={Chaos and mixing in Geostrophic Flow},
	journal={Phys. Fluids A},
	volume=3,
	number=5,
	pages={1243-1249},
	year=1991,
}
@ARTICLE{PMS1,
	author={P. S. Marcus},
	title={Simulation of Taylor-Couette flow. Part 1.
		  Numerical methods and comparison with experiment},
	journal=jfm,
	volume=146,
	pages={45-64},
	year=1984,
}
@ARTICLE{PMS2,
	author={P. S. Marcus},
	title={Vortex Dynamics in a Shearing Zonal Flow},
	journal=jfm,
	volume=215,
	pages={393-430},
	year=1990,
}
@ARTICLE{PMS3,
	author={P. S. Marcus},
	title={Jupiters Great Red Spot and Other Vortices},
	journal={Annu. Rev. Astron. Astrophys.},
	volume=31,
	pages={523-573},
	year=1993,
}
@ARTICLE{KT,
	author={K. T. Coughlin and P. S. Marcus},
	title={Modulated Waves in Taylor-Couette Flow},
	journal=jfm,
	volume=234,
	pages={19-46},
	year=1992,
}
@ARTICLE{CAMBON,
	author={Claude Cambon and Jean-Pierre Benoit and Liang Shao and
		  Laurent Jacquin},
	title={Stability analysis and large-eddy simulation of
		  rotating turbulence with organized eddies},		  
	journal=jfm,
	volume=278,
	pages={175-200},
	year=1994,
}
@ARTICLE{UGO,
	author={Ugo Piomelli and Junhui Liu},
	title={Large-eddy simulation of rotating channel flows using a
		  localized dynamic model},
	journal=phyfl,
	volume=7,
	number=4,
	pages={839-848},
	month=apr,
	year=1995,
}
@ARTICLE{SHI,
	author={Quingping Shi and R. J. Ribando},
	title={Numerical simulation of viscous rotating flows using 
		  a new pressure-based method},
	journal={Comp. Fluids},
	volume=21,
	number=4,
	pages={475-489},
	year=1992,
}
@ARTICLE{MDD,
	author={Marie Dillon Dahleh},
	title={Fast Numerical Method for the Solution of the
		  Quasigeostrophic Vorticity Equation},
	journal={Numerical Methods for Partial Differential Equations},
	volume=9,
	pages={135-154},
	year=1993,
}
@ARTICLE{JENS,
	author={Jens N{\o}rk{\ae}r S{\o}rensen and Eric Adler Christensen},
	title={Direct numerical simulation of rotating fluid flow in a
		  closed cylinder},
	journal=phyfl,
	volume=7,
	number=4,
	pages={764-778},
	year=1995,
}
@TECHREPORT{bergerLeveque:1990,
        author={M. J. Berger and R. J. Leveque},
        title={Stable boundary conditions for Cartesian grid calculations},
        institution={ICASE},
        number={90-37},
        month={May},
        year={1990}
}
@PHDTHESIS{LEVEQUE,
        author={Randall John LeVeque},
        title={Time-Split Methods for Partial Differential Equations},
        school={Stanford University},
        year=1982,
}
@PHDTHESIS{CHL,
        author={Changhoon Lee},
        title={Basic Instability and Transition to Chaos in a
		  Rapidly Rotating Annulus on a $\Beta$-plane},
        school={University of California, Berkeley},
        year=1994,
}
@PHDTHESIS{ANNT,
        author={Ann Stewart Almgren},
        title={A Fast Adaptive Vortex Method
		  using Local Corrections},
        school={University of California, Berkeley},
        year=1991,
}
@Article{howell-n-bell,
  author = 	 {L.H. Howell and J. B. Bell},
  title = 	 {An adaptive mesh projection method for viscous incompressible flow},
  journal = 	 {SIAM J. Sci Comput.},
  year = 	 {1997},
  OPTkey = 	 {},
  volume = 	 {18},
  number = 	 {4},
  pages = 	 {996-1013},
  OPTmonth = 	 {July},
  OPTnote = 	 {},
  OPTannote = 	 {}
}

@Article{ABS,
  author = 	 {A. Almgren and J. Bell and W. Szymczak},
  title = 	 {A numerical method for the incompressible {N}avier-{S}tokes equations based on an approximate projection},
  journal = 	 {SIAM J. Sci. Comput.},
  year = 	 {1996},
  OPTkey = 	 {},
  volume = 	 {17},
  OPTnumber = 	 {},
  pages = 	 {358-369},
  OPTmonth = 	 {},
  OPTnote = 	 {},
  OPTannote = 	 {}
}
@PHDTHESIS{LAI2,
        author={M. F. Lai},
        title={A Projection Method for Reacting Flow in the Zero
                Mach Number Limit},
        school={University of California, Berkeley},
        year=1994,
}
@UNPUBLISHED{LAI,
        author={M. F. Lai and P. Colella},
        title={An Approximate Projection Method for the
                Incompressible {N}avier-{S}tokes equations},
        note={unpublished},
}
@ARTICLE{AJC2,
	author={A. J. Chorin},
	title={Numerical solutions of the {N}avier-{S}tokes equations},
	journal={Math. Comp.},
	volume=22,
	pages={745-762},
	year=1968,
}

@ARTICLE{BCG,
        author={J. B. Bell and P. Colella and H. M. Glaz},
        title={A second-order projection method for the incompressible
		{N}avier-{S}tokes equations},
        journal=jcp,
        volume=85,
        pages={257-283},
        year=1989,
}

@ARTICLE{ColellaGlaz,
        author={P. Colella and H. M. Glaz},
        title={Efficient Solution Algorithms for the {R}iemann Problem
               for Real Gases},
        journal=jcp,
        volume=59,
        pages={264},
        year=1985,
}

@ARTICLE{COLELLA1,
        author={Phillip Colella},
        title={Multidimensional Upwind Methods 
		for Hyperbolic Conservation Laws},
        journal=jcp,
        volume=87,
        pages={171-200},
        year=1990,
}

@ARTICLE{Saltzman1,
        author={Jeff Saltzman},
        title={An Unsplit 3D Upwind Method for Hyperbolic Conservation Laws},
        journal=jcp,
        volume=115,
        pages={153-168},
        year=1994,
}

@UNPUBLISHED{HOWELL,
	author={Louis H. Howell and John B. Bell},
	title={An  Adaptive-Mesh Projection Method 
		for Viscous Incompressible Flow},
        note={To appear, SIAM Journal of Scientific Computing}
}
@ARTICLE{ANN4,
	author={Ann S. Almgren and Thomas Buttke and Phillip Colella},
	title={A Fast Vortex Method in Three Dimensions},
	journal={Journal of Computational Physics},
	volume=113,
	number=2,	  
	pages={177-200},
	year=1994,
}
@ARTICLE{ROKHLIN,
	author={ Greengard, L. and  Rokhlin, V.},
	title={A fast algorithm for particle simulations},
	journal={Journal of Computational Physics},
	volume=73,
	number=2,	  
	pages={325-348},
	year=1987,
}
@ARTICLE{ANN,
	author={A. S. Almgren and J. B. Bell and W. G. Szymczak},
	title={A numerical method for the incompressible {N}avier-{S}tokes
		equations based on an approximate projection},
	journal={SIAM J. on Sci. Comp.},
	volume=17,
	pages={358-369},
	year=1996,
}

@INPROCEEDINGS{BCH,
	author={J. B. Bell and P. Colella and L. H. Howell},
	title={An efficient second order projection method for
		viscous incompressible flow},
	booktitle={AIAA 10th Comp. Fluid Dynamics Conf.},
	pages={360-367},
	year=1991,
}
@ARTICLE{AftosmisBergerMelton,
	AUTHOR = "M. J. Aftosmis and M. J. Berger and J. S. Saltzman",
	TITLE = "Robust and efficient Cartesian mesh generation for component-base geometry",
	JOURNAL = "AIAA Journal",
	VOLUME = 36,
	NUMBER = "6",
	MONTH = "June",
	YEAR = 1998,
	PAGES = "952--960"
	}

@ARTICLE{AlmgrenBCHW98,
	AUTHOR = "A. S. Almgren and J. B. Bell and P. Colella and L. H. Howell and M. Welcome",
	TITLE = "A conservative adaptive projection method for the variable density
   incompressible {N}avier-{S}tokes equations",
	JOURNAL = "Journal of Computational Physics",
	VOLUME = 142,
	NUMBER = 1,
	MONTH = "May",
	YEAR = 1998,
	PAGES = "1--46"
	}

@ARTICLE{BergerBokhari,
	AUTHOR = "M. J. Berger and S. H. Bokhari",
	TITLE = "A partitioning strategy for nonuniform problems on multiprocessors",
	JOURNAL = "IEEE Transactions on Computers",
	VOLUME = "C-36",
	NUMBER = 5,
	MONTH = "May",
	YEAR = 1987,
	PAGES = "570--580"
	}

@ARTICLE{BergerSaltzman,
	AUTHOR = "M. J. Berger and J. S. Saltzman",
	TITLE = "{AMR} on the {CM-2}",
	JOURNAL = "Applied Numerical Mathematics",
	VOLUME = 14,
	NUMBER = "1-3",
	MONTH = "April",
	YEAR = 1994,
	PAGES = "239--253"
	}

@TECHREPORT{Crutchfield91,
        author={W. Y. Crutchfield},
        title={Load Balancing Irregular Algorithms},
        institution={LLNL},
        number={UCRL-JC-107679},
        month={July},
        year={1991}
}

@INPROCEEDINGS{Crutchfield94,
        AUTHOR = {P. Colella and W. Y. Crutchfield},
        TITLE = {A parallel adaptive mesh algorithm on the {C-90}},
        BOOKTITLE = { US Department of Energy ERPUS meeting},
        MONTH = {July 11 - 12,},
        YEAR = 1994,
}

@ARTICLE{FinkBadenKohn,
	AUTHOR = "S. J. Fink and S. B. Baden and S. R. Kohn",
	TITLE = "Efficient run-time support for irregular block-structured applications",
	JOURNAL = "Journal of Parallel and Distributed Computing",
	VOLUME = 50,
	NUMBER = "1-2",
	MONTH = "April",
	YEAR = 1998,
	PAGES = "61--82"
	}


@ARTICLE{PemberBCC,
	AUTHOR = "R. B. Pember and J. B. Bell and P. Colella and W. Y. Crutchfield",
	TITLE = "An Adaptive {C}artesian Grid Method For Unsteady Compressible Flow In Irregular Regions",
	JOURNAL = "Journal of Computational Physics",
	VOLUME = 120,
	NUMBER = 2,
	MONTH = "September",
	YEAR = 1995,
	PAGES = "278--304"
	}

@UNPUBLISHED{Rendleman,
        AUTHOR = "C. A. Rendleman and V. E. Beckner and M. Lijewski and W. Crutchfield and J. B. Bell",
        TITLE = "A parallel adaptive mesh refinement algorithm for the simulation of explosions",
        NOTE = "in preparation"
}

@BOOK{Murray,
	AUTHOR =  "Robert B. Murray",
	TITLE  =  "{C++} Strategies and Tactics",
	PUBLISHER = "Addison-Wesley",
	YEAR = 1993
}

@BOOK{Meyers,
	AUTHOR =  "Scott Meyers",
        TITLE  =  "Effective {C++}",
	PUBLISHER = "Addison-Wesley",
	YEAR = 1992
}

@MANUAL{GNUmake,
        AUTHOR = "Richard M. Stallman and Roland McGrath",
        TITLE = "{GNU} make: A Program for Directing Recompilation",
        ORGANIZATION = "Free Software Foundation",
        ADDRESS = "Boston, MA",
        EDITION = "3.77",
        YEAR = 1998,
        MONTH = May
}
        
@ARTICLE{hornungTrangenstein:1997,
        author={R. Hornung and J. A. Trangenstein},
        title={Adaptive mesh refinement and multilevel iteration for
    flow in porous media},
        journal=JCP,
        year={1997},
    VOLUME = {136},
    NUMBER = {2},
    MONTH = {September},
    PAGES = {522-545}
}
@ARTICLE{johansenColella:1998,
        author={H. Johansen and P. Colella},
        title={A {Cartesian} Grid Embedded Boundary Method for {Poisson's}
    Equation on Irregular Domains},
        journal=JCP,
        year={1998},
    VOLUME = {147},
    NUMBER = {2},
    MONTH = {December},
    PAGES = {60-85}
}
@ARTICLE{howellETAL:1999,
    AUTHOR = {L. H. Howell and R. B. Pember and P. Colella and
    J. P. Jessee and W. A. Fiveland},
    TITLE = {A conservative adaptive-mesh algorithm for unsteady,
    combined-mode heat Transfer Using The Discrete Ordinates Method},
    YEAR = 1999,
    JOURNAL = {Numerical Heat Transfer, Part B: Fundamentals},
    VOLUME = {35},
    PAGES = {407-430}
}
@ARTICLE{pemberETAL:1998,
    AUTHOR = {R. B. Pember and L. H. Howell and J. B. Bell
    and P. Colella and W. Y. Crutchfield and W. A. Fiveland and
    J. P. Jessee },
    TITLE = {An Adaptive Projection Method for Unsteady, Low Mach
    Number Combustion},
    YEAR = 1998,
    JOURNAL = {Combustion Science and Technology},
    VOLUME = {140},
    PAGES = {123-168}
}
@ARTICLE{pemberETAL:1995,
         AUTHOR = {R. B. Pember and J. B. Bell and P. Colella and W. Y.
    Crutchfield and M. L. Welcome},
         TITLE = {An Adaptive {Cartesian} Grid Method for Unsteady
    Compressible Flow in Irregular Regions},
         JOURNAL = JCP,
         VOLUME = {120},
         PAGES = {278--304},
         YEAR = {1995}
 }
@ARTICLE{colellaDorrWake:1999b,
        author={P. Colella and M. Dorr and D. Wake},
        title={Numerical solution of plasma-fluid equations using
		locally refined grids},
        journal=JCP,
        year={1999},
    VOLUME={152},
    PAGES={550-583}
}
@PHDTHESIS{propp:phdthesis,
        AUTHOR = {Richard Michael Propp},
        TITLE = {Numerical Modeling of a Trickle-Bed Reactor},
        SCHOOL = UCBME,
        YEAR = 1998,
        MONTH = Dec,
}
@PHDTHESIS{trebotich:phdthesis,
        AUTHOR = {David Paul Trebotich},
        TITLE = {A Projection Method for Incompressible Viscous Flow
    on a Deformable Domain},
        SCHOOL = UCBME,
        YEAR = 1998,
        MONTH = Dec,
}
@PHDTHESIS{martin:phdthesis,
        AUTHOR = {Daniel Francis Martin},
        TITLE = {A Cell-Centered Adaptive Mesh Refinement Method
    for Incompressible Flow Problems},
        SCHOOL = UCBME,
        YEAR = 1998,
        MONTH = Dec
}
@PHDTHESIS{johansen:phdthesis,
        AUTHOR = {Hans Svend Johansen},
        TITLE = {Cartesian Grid Embedded Boundary Methods for Elliptic
    and Parabolic Partial Differential Equations on Irregular
    Domains},
        SCHOOL = UCBME,
        YEAR = 1997,
        MONTH = Dec
}
@PHDTHESIS{bettencourt:phdthesis,
        AUTHOR = {Matthew Tyler Bettencourt},
        TITLE = {A Block-Structured Adaptive Steady--State Solver for
    the Drift--Diffusion Equations},
        SCHOOL = UCBME,
        YEAR = 1998,
        MONTH = May,
}
@PHDTHESIS{dudek:phdthesis,
    AUTHOR = {Scott Andrew Dudek},
    TITLE = {A Structured--Grid Adaptive Mesh Refinement
    Multigrid Algorithm for Steady--State Flows},
    SCHOOL = UCBME,
    YEAR = 1996,
    MONTH = Dec,
 }
@ARTICLE{almgrenButtkeColella:1994,
    AUTHOR = {A. S. Almgren and T. Buttke and P. Colella},
    TITLE = {A fast adaptive vortex method in three dimensions},
    JOURNAL = {J. Comput. Phys.},
    YEAR = {1994},
    VOLUME = {113},
    NUMBER = {2},
    PAGES = {177-200}
}
@ARTICLE{almgrenETAL:1998,
    AUTHOR={A. S. Almgren and J. B. Bell and P. Colella and L. H.
    Howell and M. J. Welcome},
    TITLE ={A conservative adaptive projection method for the
    variable density incompressible {Navier-Stokes} equations},
    JOURNAL= JCP,
    VOLUME={142},
    NUMBER={1},
    MONTH={May},
    YEAR={1998},
    PAGES={1--46}
}

@ARTICLE{crutchfieldwelcome:1993,
    AUTHOR = {W. Y. Crutchfield and M. Welcome},
    TITLE = {Object-oriented implementation of adaptive
    mesh refinement algorithms},
    JOURNAL = {Scientific Programming},
    YEAR = {1993},
    VOLUME = {2},
    NUMBER = {4},
    PAGES = {145-156}
}

@TECHREPORT{crutchfield:1991,
        author={W. Y. Crutchfield},
        title={Load Balancing Irregular Algorithms},
        institution={LLNL},
        number={UCRL-JC-107679},
        month={July},
        year={1991}
}

@ARTICLE{badenPuckett:1990,
	AUTHOR = {S. B. Baden and E. G. Puckett},
	TITLE = {A FAST VORTEX METHOD FOR COMPUTING 2D VISCOUS FLOW},
	JOURNAL = JCP,
	VOLUME = {91},
	NUMBER = {2},
	YEAR = {1990},
	PAGES = {278-297}
}

@TECHREPORT{almgrenbellcrutchfield1999,
        author={A. S. Almgren and J. B. Bell and W. Y. Crutchfield},
        title={Approximate Projection Methods: Part I.
        Inviscid Analysis},
        institution={LBNL},
        number={LBNL-43374},
        month={May},
        year={1999}
}
@ARTICLE{bergerRigoutsos:1991,
    AUTHOR = {M. J. Berger and I. Rigoutsos},
    TITLE = {An algorithm for point clustering and grid generation},
    JOURNAL ={IEEE Transactions Systems, Man, and Cybernetics},
    VOLUME = {21},
    NUMBER = {5},
    PAGES = {1278--1286},
    YEAR = {1991},
}
@inproceedings {fink96:kelp,
   author    = "Stephen J. Fink and Scott B. Baden and Scott R. Kohn",
   title     = "Flexible Communication Schedules for Block Structured
                Applications",
   booktitle = "Third International Workshop on Parallel Algorithms
                for Irregularly Structured Problems",
   address   = "Santa Barbara, California",
   month     = "August",
   year      = 1996
}

@inproceedings {abcm95:eb,
   author    = "Ann S. Almgren and John B. Bell and Phillip Colella and Tyler Marthaler ",
   title     = "A Cell-Centered Cartesian Grid Projection Method for the 
                Incompressible {E}uler Equations in Complex Geometries",
   booktitle = "Proceedings of the {AIAA} 12th Computational Fluid Dynamics Conference,",
   address   = "San Diego, California",
   month     = "June",
   year      = 1995
}
@inproceedings {kohnETAL:1997,
   author    = {S. Kohn and J. Weare and E. Ong and S. Baden},
   title     = {Software Abstractions and Computational Issues in
   Parallel Structured Adaptive Mesh Methods
   for Electronic Structure Calculations},
   booktitle = {Workshop on structured adaptive mesh refinement methods},
  address   = {Minneapolis, Minnesota},
   month     = {March},
   year      = {1997}
}
@ARTICLE{bergerBokhari:1987,
    AUTHOR = {M. J. Berger and S. H. Bokhari},
    TITLE = {A Partitioning Strategy for Nonuniform Problems on
    Multiprocessors},
    JOURNAL = {IEEE Transactions on Computers},
    VOLUME = {C-36},
    NUMBER = {5},
    MONTH = May,
    YEAR = {1987},
    PAGES = {570--580}
}
@ARTICLE{jesseeETAL:1998,
    AUTHOR = {J. P. Jessee and W. A. Fiveland and L. H. Howell and P.
    Colella and R. B. Pember},
    TITLE = {An adaptive mesh refinement algorithm for the radiative
    transport equation},
    JOURNAL= JCP,
    VOLUME={139},
    NUMBER={2},
    MONTH=Jan,
    YEAR={1998},
    PAGES={380--398}
}
@article{bellBergerSaltzmanWelcome:1993,
    author={J. B. Bell and M. J. Berger And J. S. Saltzman and M.  Welcome},
    title={A Three--Dimensional Adaptive Mesh
    Refinement for Hyperbolic Conservation Laws},
    journal=SIAMJSC,
    year={1994},
        volume = 15,
        pages= {127--138}
}
@TechReport{dan-n-keith,
  author = 	 {D. F. Martin and K. L. Cartwright},
  title = 	 {Solving {P}oisson's Equation using Adaptive Mesh Refinement},
  institution =  {UC Berkeley},
  year = 	 {1996},
  OPTkey = 	 {},
  OPTtype = 	 {},
  number = 	 {UCB/ERL M96/66},
  OPTaddress = 	 {},
  OPTmonth = 	 {October},
  OPTnote = 	 {},
  OPTannote = 	 {}
}

@Article{ann-n-friends,
  author = 	 {A. S. Almgren and J. B. Bell and P. Colella and
                  L. H. Howell and M. L. Welcome},
  title = 	 {A Conservative Adaptive Projection Method for the Variable
                  Density Incompressible {N}avier-{S}tokes Equations},
  journal = 	 {J. Comput. Phys.},
  year = 	 {1998},
  OPTkey = 	 {},
  volume = 	 {142},
  OPTnumber = 	 {},
  OPTmonth = 	 {May},
  pages = 	 {1-46},
  OPTnote = 	 {},
  OPTannote = 	 {}
}
@Article{chorin68,
  author = 	 {A.J. Chorin},
  title = 	 {Numerical Solutions of the {N}avier-{S}tokes Equations},
  journal = 	 {Math. Comput.},
  year = 	 {1968},
  OPTkey = 	 {},
  volume = 	 {22},
  OPTnumber = 	 {},
  pages = 	 {745-762},
  OPTmonth = 	 {},
  OPTnote = 	 {},
  OPTannote = 	 {}
}

@Article{hansPaper,
  author = 	 {Hans Johansen and Phillip Colella},
  title = 	 {A {C}artesian Grid Embedded Boundary Method for {P}oisson's Equation on Irregular Domains}, 
  journal = 	 {J. Comput. Phys.},
  year = 	 {1998},
  OPTkey = 	 {},
  volume = 	 {147},
  OPTnumber = 	 {},
  pages = 	 {60-85},
  OPTmonth = 	 {},
  OPTnote = 	 {},
  OPTannote = 	 {}
}
@ARTICLE{bergerColella:1989,
    AUTHOR = {M. J. Berger and P. Colella},
    TITLE = {Local Adaptive Mesh Refinement for Shock Hydrodynamics},
    JOURNAL=JCP,
    YEAR = {1989},
    NUMBER = {1},
    MONTH = {May},
    VOLUME={82},
    PAGES={64--84}
}
@ARTICLE{thompsonFerziger:1989,
    AUTHOR={M. C. Thompson and J. H. Ferziger},
    TITLE ={An adaptive multigrid technique for the incompressible
    {N}avier-{S}tokes equations},
    JOURNAL= JCP,
    VOLUME={82},
    NUMBER={1},
    MONTH={May},
    YEAR={1989},
    PAGES={94--121}
}
@ARTICLE{sandz:1999,
    AUTHOR={Denis Gueyffier and Jie Li and Ali Nadim and Ruben Scardovelli and Stephane Zaleski},
    TITLE ={Volume-of-Fluid Interface Tracking with Smooth Surface Stress Methods for Three Dimensional Flows},
    JOURNAL= JCP,
    VOLUME={152},
    YEAR={1999},
    PAGES={423--456}
}

@Article{TGA,
  author =       {E.H. Twizell and A.B. Gumel and M.A. Arigu},
  title =        {Second-order, $L_0$-stable methods for the heat equation with time-dependent boundary conditions}, 
  journal =      {Advances in Computational Mathematics},
  year =         {1996},
  OPTkey =       {},
  volume =    {6},
  OPTnumber =    {},
  pages =     {333-352},
  OPTmonth =     {},
  OPTnote =      {},
  OPTannote =    {}
}


@ARTICLE{ColellaPao1999,
	author={Phillip Colella and Karen Pao},
	title={A Projection Method for Low Speed Flows},
	journal=jcp,
	year=1999,
}

@ARTICLE{WARP-AMRNodeElliptic:2004,
    AUTHOR={Peter McCorquodale and Phillip Colella and David P. Grote and Jean-Luc Vay},
    TITLE ={A node-centered local refinement algorithm for {P}oisson's equation in complex geometries},
    JOURNAL= JCP,
    VOLUME={201},
    NUMBER = {1},
    YEAR={2004},
    PAGES={34--60}
}

@inproceedings{HPSEC:2005,
   author = "Peter McCorquodale and Phillip Colella and Gregory T. Balls and Scott B. Baden",
   title = "A scalable parallel {P}oisson solver in three dimensions with infinite-domain boundary conditions",
   booktitle = "Proceedings of the 7th International Workshop on High Performance Scientific and Engineering Computing (HPSEC-05)",
   address   = "Oslo, Norway",
   month     = "June",
   year      = "2005",
   pages = {814--822}
}

@TECHREPORT{AMRNodeElliptic-design,
author = {Peter McCorquodale},
title = {AMRNodeElliptic software package: node-centered {AMR} for elliptic problems},
number = {LBNL-53686},
institution= {Lawrence Berkeley National Laboratory},
year = 2003
}

@TECHREPORT{AMRNodeElliptic-rectangular,
author = {Peter McCorquodale},
title = {AMRNodeElliptic user guide: On rectangular problem domains},
number = {LBNL-53687},
institution= {Lawrence Berkeley National Laboratory},
year = 2003
}

@TECHREPORT{AMRNodeElliptic-irregular,
author = {Peter McCorquodale},
title = {AMRNodeElliptic user guide: On irregular problem domains},
number = {LBNL-53688},
institution= {Lawrence Berkeley National Laboratory},
year = 2003
}

@UNPUBLISHED{InfiniteDomain-guide,
        author = "Peter McCorquodale and Phillip Colella",
        title = "{P}oisson Solver with Infinite-Domain Boundary Conditions",
        note = "in preparation",
        year = 2006
}

@UNPUBLISHED{MLC-adaptive,
   author = "Peter McCorquodale and Phillip Colella and Gregory T. Balls and Scott B. Baden",
   title = "An adaptive parallel {P}oisson solver in three dimensions with infinite-domain boundary conditions",
   note = "in preparation",
   year = 2006
}

@ARTICLE{james:1977,
  author =       {R. A. James},
  title =        {The solution of {P}oisson's equation for isolated
                  source distributions},
  journal =      {Journal of Computational Physics},
  year =         1977,
  volume =       25,
  number =       2,
  pages =        {71-93},
  month =        {October}
}

@ARTICLE{lackner:1976,
  author =       {K. Lackner},
  title =        {Computation of ideal {MHD} equilibria},
  journal =      {Computer Physics Communications},
  year =         1976,
  volume =       12,
  number =       1,
  pages =        {33-44}
}

@ARTICLE{Huang:2000,
    AUTHOR={Jingfang Huang and Leslie Greengard},
    TITLE ={A fast direct solver for elliptic partial differential equations on adaptively refined meshes},
    JOURNAL= SIAMJSC,
    VOLUME={21},
    NUMBER = {4},
    YEAR={2000},
    PAGES={1551--1566}
}

@ARTICLE{EthridgeGreengard:2001,
    AUTHOR={Frank Ethridge and Leslie Greengard},
    TITLE ={A new fast-multipole accelerated {P}oisson solver in two dimensions},
    JOURNAL= SIAMJSC,
    VOLUME={23},
    NUMBER = {3},
    YEAR={2001},
    PAGES={741--760}
}

@ARTICLE{ EBAMRGodunov,
  AUTHOR={ P. Colella and D. T. Graves and  B. Keen and D. Modiano}, 
  TITLE={ A Cartesian Grid Embedded Boundary Method for Hyperbolic Conservation Laws},
  JOURNAL = jcp,
  VOLUME = {211},
  YEAR = {2006},
  PAGES={347--366}
}

@UNPUBLISHED{EBChombo,
        author={P. Colella and D. T. Graves and T. J. Ligocki and D. Modiano and B. Van Straalen},
        title={{EBChombo Software Package for Cartesian Grid, Embedded Boundary Applications}},
        note={unpublished},
        year={2000},
}


@ARTICLE{baradColella:2005,
author ={M. Barad and P. Colella},
title = {A fourth-order accurate local refinement method for {P}oisson's equation}, 
journal = {Journal of Computational Physics},
volume= 209,
pages = {1-18},
year = 2005
}

@ARTICLE{baradColellaSchladow:2007,
author ={M. Barad and P. Colella and S.G. Schladow},
title = {An adaptive cut-cell method for environmental fluid mechanics},
journal = {Intl. J. Num. Methods Fluid Dynamics},
volume = {60},
number = {5},
pages = {473-514},
year = 2009
}

@ARTICLE{ colellaETAL:2006,
  AUTHOR={ P. Colella and D. T. Graves and  B. Keen and D. Modiano}, 
  TITLE={ A {C}artesian Grid Embedded Boundary Method for Hyperbolic Conservation Laws},
  JOURNAL = {Journal of Computational Physics},
  VOLUME = {211},
  YEAR = {2006},
  PAGES={347--366}
}

@ARTICLE{colellaSekora:2007,
author ={P. Colella and M. Sekora},
title = {A limiter for {PPM} that preserves accuracy at smooth extrema},
journal = JCP,
  VOLUME = {227},
pages = {7069-7076},
year = 2008
}


@ARTICLE{sekoraColella:2007,
author ={M. Sekora and P. Colella},
title = {Extremum-preserving limiters for {PLM} and {PPM}},
journal = {ARXIV},
year = 2007,
note="submitted"
}

@ARTICLE{colellaNorgaard:2008,
author ={P. Colella and P. Norgaard},
title = {Controlling self-force errors at refinement boundaries in {AMR-PIC}},
journal = {Journal of Computational Physics},
year = 2008,
note="submitted"
}

@ARTICLE{bonoColella:2006,
author ={C. Gatti-Bono and P. Colella},
title = {An anelastic allspeed projection method for gravitationally stratified flows},
journal = {Journal of Computational Physics},
volume= 216,
pages = {589-615},
year = 2006
}

@ARTICLE{gravesETAL:2008,
author ={D. T. Graves and D. Trebotich and G. H. Miller and P. Colella},
title = {An efficient solver for the equations of resistive {MHD} with spatially-varying resistivity},
journal = {Journal of Computational Physics},
volume={227},
pages={4797-4804},
year = 2008
}

@ARTICLE{martinColellaGraves:2008,
author ={D. Martin and P. Colella and D. T. Graves},
title = {A cell-centered adaptive projection method for the incompressible {N}avier-{S}tokes equations in three dimensions},
journal = {Journal of Computational Physics},
volume= 227,
pages = {1863-1886},
year = 2008,
}

@inproceedings {martinColellaKeen:2006,
   author    = {D. Martin and P. Colella and N. Keen},
   title     = {An incompressible {N}avier-{S}tokes with particles algorithm and parallel implementation},
   booktitle = {A. Deane G. Brenner, A. Ecer, D. Emerson, J. McDonough, J. Perioux, N. Satofuka and D. Tromeur-Dervout (eds.),
Parallel Computational Fluid Dynamics: Theory and Applications, Proceedings of the 2005 International
Conference on Parallel Computational Fluid Dynamics},
  address   = {College Park, MD, USA},
pages = {461-468},
   month     = {May},
   year      = {2006}
}

@ARTICLE{mccorquodaleETAL:2007,
    AUTHOR={P. McCorquodale and P. Colella and G. Balls and S. Baden},
    TITLE ={A local corrections algorithm for solving {P}oisson's equation in three dimensions.},
    JOURNAL= {Communications in Applied Mathematics and Computational Science},
    VOLUME={2},
    NUMBER = {1},
    YEAR={2007},
    PAGES={57-81}
}

@ARTICLE{miniatiColella:2007,
author ={F. Miniati and P. Colella},
title = {A Modified Higher Order {G}odunov's scheme for stiff source convservative hydrodynamics},
journal = {Journal of Computational Physics},
volume= 224,
number=2,
pages = {519-538},
year = 2007,
}

@ARTICLE{schwartzETAL:2006,
    AUTHOR = {P. Schwartz and M. Barad and P. Colella and T. Ligocki},
    TITLE = {A {C}artesian Grid Embedded Boundary Method for the Heat Equation and {P}oisson's Equation in Three Dimensions},
    JOURNAL= {Journal of Computational Physics},
    VOLUME={211},
    NUMBER={2},
    MONTH=Jan,
    YEAR={2006},
    PAGES={531-550}
}

@ARTICLE{schwartzETAL:2005,
    AUTHOR = {P. Schwartz and D. Adalsteinsson and P. Colella and A. Arkin and M.  Onsum},
    TITLE = {Numerical computation of diffusion on a surface},
    journal = {Proc. Nat. Acad. Sci.},
    VOLUME={102},
    YEAR={2005},
    PAGES={11151-11156}
}

@ARTICLE{schwartzColella:2008,
    AUTHOR={P. Schwartz and P. Colella},
    TITLE ={A second-order accurate method for solving the {E}ikenol equation},
    JOURNAL= {Communications in Applied Mathematics and Computational Science},
    YEAR={2008},
note="submitted"
}
@ARTICLE{cortezMinion:2000,
AUTHOR = {R. Cortez and M. L. Minion},
TITLE = {The blob projection method for immersed boundary problems},
JOURNAL=JCP,
VOLUME={161},
PAGES = {428--453},
YEAR = {2000}
}
@ARTICLE{brownCortezMinion:2001,
AUTHOR={D. L. Brown and R. Cortez and M. L. Minion},
TITLE={Accurate projection methods for the incompressible {N}avier-{S}tokes equations},
JOURNAL=JCP,
VOLUME={168},
PAGES={464--499},
YEAR = {2001}
}
@TechReport{skamarockETAL:2005,
  author = 	 {W. C. Skamarock and J. B. Klemp and J. Dudhia and D. O. Gill and D. M. Barker and W. Wang and J. G. Powers},
  title = 	 {A Description of the Advanced Research {WRF} Version 2},
  institution =  {NCAR},
  year = 	 {2005},
  OPTkey = 	 {},
  OPTtype = 	 {},
  number = 	 {NCAR/TN-468+STR},
  OPTaddress = 	 {},
  OPTmonth = 	 {June},
  OPTnote = 	 {},
  OPTannote = 	 {}
}
@ARTICLE{fournierTaylorTribbia:2004,
AUTHOR={A. Fournier and M. A. Taylor and J. Tribbia},
TITLE={The spectral element atmospheric model {(SEAM)}: high-resolution parallel computation and localized regional dynamics},
JOURNAL = {Monthly Weather Review},
VOLUME = {132},
PAGES= {726--748},
YEAR={2004}
}

@ARTICLE{jardinETAL:1978,
AUTHOR={S. C. Jardin and J. L. Johnson and J. M. Greene and R. C. Grimm},
TITLE={Dynamical grid method for time-dependent simulations of axisymmetric instabilities in tokamaks},
JOURNAL=JCP,
VOLUME={29},
YEAR={1977},
PAGES={101--126}
}

@ARTICLE{mayo:1984,
AUTHOR={A. Mayo},
TITLE={The fast solution of {P}oisson's and the biharmonic equations on irregular regions},
JOURNAL={SIAM Journal of Numerical Analysis},
VOLUME={21},
NUMBER={2},
PAGES={285--299},
YEAR={1984}
}

@ARTICLE{ENO,
AUTHOR={A. Harten and B. Engquist and S. Osher and S. R. Chakravarthy}, 
TITLE={Uniformly high order accurate essentially non-oscillatory schemes, III},
JOURNAL = JCP,
VOLUME = {77},
YEAR={1987},
PAGES={231--303}
}
@ARTICLE{WENO,
AUTHOR={X. D. Liu and S. Osher and T. Chan}, 
TITLE={Weighted essentially non-oscillatory schemes},
JOURNAL = JCP,
VOLUME = {115},
YEAR={1994},
PAGES={200--212}
}
@ARTICLE{harten:1982,
AUTHOR={A. Harten}, 
TITLE={High resolution schemes for hyperbolic conservation laws},
JOURNAL = JCP,
VOLUME = {49},
YEAR={1983},
PAGES={357--393}
}
@ARTICLE{riderETAL:2007,
AUTHOR={ W. J. Rider and J. A. Greenough and J. R. Kamm}, 
TITLE={Accurate monotonicity- and extrema-preserving methods through adaptive nonlinear hybridizations},
JOURNAL = JCP,
VOLUME = {225},
YEAR={2007},
PAGES={1827--1848}
}
@ARTICLE{athena:2008,
AUTHOR={ J. M. Stone and T. A. Gardiner and P. Teuben and J. F. Hawley and J. B. Simon}, 
TITLE={Athena: a new code for astrophysical MHD},
JOURNAL = {Ap. J. Suppl.},
YEAR={2008},
NOTE={in press}
}
@ARTICLE{putnamLin:2007,
AUTHOR={W. M. Putnam and S. J. Lin }, 
TITLE={finite-volume transport on various cubed-sphere grids},
JOURNAL = JCP,
VOLUME = {227},
YEAR={2007},
PAGES={55--78}
}
@ARTICLE{sethian:1996,
AUTHOR={J. A. Sethian}, 
TITLE={A fast marching method for monotonically advancing fronts},
JOURNAL = {Proc. Nat. Acad. Sci.},
VOLUME = {93},
YEAR={1996},
PAGES={1591-1595}
}
@BOOK{smithBjorstadGropp:2004,
	author={B. F. Smith and P. E. Bjorstad and W. D. Gropp},
	title={Domain decomposition: parallel multilevel methods for elliptic partial differential equations},
        publisher={Cambridge University Press},
        year={2004},
}
@BOOK{sethian:1999,
	author={J. A. Sethian},
	title={Level Set Methods and Fast Marching Methods},
        publisher={Cambridge University Press},
        year={1999},
}
@ARTICLE{borisBook:1976,
AUTHOR={J. B. Boris and D. L. Book }, 
TITLE={Flux-corrected transport {III}. {M}inimal-error {FCT} algorithms},
JOURNAL = JCP,
VOLUME = {20},
YEAR={1976},
PAGES={397--431}
}
@ARTICLE{bonoColellaTrebotich:2007,
AUTHOR={C. Gatti-Bono and P. Colella and D. Trebotich}, 
TITLE={A Second-Order Accurate Conservative Front-Tracking Method in One Dimension},
JOURNAL={SIAM J. Sci. Comput.},
NOTE={submitted},
YEAR = {2007}
}

@ARTICLE{kim:2001,
AUTHOR={S. Kim}, 
TITLE={An {O(N)} level-set method for the eikonal equation},
Journal={ SIAM J. Sci. Comput.},
VOLUME={22},
YEAR={2001},
PAGES={2178--2193}
}

@INPROCEEDINGS{colella:2001,
	author={P. Colella},
	title={Volume--of--fluid methods for partial differential equations},
	booktitle={Godunov Methods: Theory and Applications},
	PAGES={161--177},
	YEAR={2001},
	PUBLISHER={Kluwer}
}

@UNPUBLISHED{EBAMRGodunovDesign,
        author={P. Colella and D. T. Graves and T. J. Ligocki and B. Van Straalen},
        title={{EBAMRGodunov}},
        note={unpublished},
        year={2001},
}

@article{MIT3,
author = {D.~Trebotich and G.~H.~Miller and P.~Colella and D.~T.~Graves and D.~F.~Martin and P.~O.~Schwartz},
title =  {A tightly couple particle-fluid model for {DNA}-laden flows in complex microscale geometries},
journal ={Computational Fluid and Solid Mechanics 2005},
year =   2005,
pages =  {1018-1022}
}

@TechReport{morton:1966,
  author = 	 {G. M. Morton},
  title = 	 {A computer oriented geodetic data
base and a new technique in file sequencing},
  institution =  {IBM Ltd.},
  year = 	 {1966},
  address = 	 {Ottawa, Ontario},
  month = 	 {Mar}
}
@PHDTHESIS{NonakaTHESIS,
        author={A. J. Nonaka},
        title={A Higher-Order Upwind Method for Viscoelastic Flow},
        school={University of California, Davis},
        year=2007,
}
@article{vayETAL:2004,
author = {J. L. Vay and P. Colella and J. W. Kwan and P. McCorquodale
                  and D. B. Serafini and A. Friedman and D. P. Grote
                  and G.  Westenskow and J. C. Adam and A. Heron and
                  I.  Haber},
title =  {Application of adaptive mesh refinement to particle-in-cell
                  simulations of plasmas and beams},
volume = 11,
journal ={Physics of Plasmas},
year =   2004,
pages =  {2928--2934}
}
@ARTICLE{colellaSekora:2008,
AUTHOR={P. Colella and M. D. Sekora}, 
TITLE={A limiter for {PPM} that preserves accuracy at smooth extrema},
JOURNAL = JCP,
VOLUME = {227},
YEAR={2008},
PAGES={7069--7076}
}
@ARTICLE{miniatiColella:2008,
AUTHOR={F. Miniati and P. Colella}, 
TITLE={Block structured adaptive mesh and time refinement for hybrid,
                  hyperbolic + {N}-body systems},
JOURNAL = JCP,
VOLUME = {227},
YEAR={2007},
PAGES={400--430}
}
@ARTICLE{SciDAC2007Perf,
AUTHOR={P. Colella and J. Bell and N. Keen and T. Ligocki and
                  M. Lijewski and B. Van Straalen}, 
TITLE={Performance and Scaling of Locally-Structured Grid Methods for
                  Partial Differential Equations},
JOURNAL = {J. Phys.: Conf. Ser.},
VOLUME = {78},
YEAR={2007},
PAGES={012013}
}
@ARTICLE{SciDAC2008Perf,
AUTHOR={D. Trebotich and B. V. Straalen, D. T. Graves and P. Colella}, 
TITLE={Performance of embedded boundary methods for {CFD} with complex
                  geometry},
JOURNAL = {J. Phys.: Conf. Ser.},
VOLUME = {125},
YEAR={2007},
PAGES={012083}
}
@ARTICLE{SciDAC2008:EBGridGen,
AUTHOR={T. J. Ligocki and P. O. Schwartz and J. Percelay and P. Colella}, 
TITLE={Embedded boundary grid generation using the divergence theorem, implicit functions, and constructive solid geometry},
JOURNAL = {J. Phys.: Conf. Ser.},
VOLUME = {125},
YEAR={2007},
PAGES={012080}
}

@Article{grabowski:2001,
 author =       {W. W. Grabowski},
 title =        {Coupling Cloud Processes with the Large-Scale
                  Dynamics Using the Cloud-Resolving Convection
                  Parameterization ({CRCP})},
 journal =      {Journal of the Atmospheric Sciences},
 year =         {2001},
 volume =    {58},
 number =    {9},
 pages =     {178-997}
}

@Article{grabowskiSmolarkiewicz:1999,
 author =       {W. W. Grabowski and P.K. Smolarkiewicz},
 title =        {{CRCP}: A cloud resolving convection parameterization
                  for modeling the tropical convective atmosphere},
 journal =      {Physics D.},
 year =         {1999},
 OPTkey =       {},
 volume =    {133},
 number =    {171-178},
 OPTpages =     {},
 OPTmonth =     {},
 OPTnote =      {},
 OPTannote =    {}
}

@Article{randallETAL:2003,
 author =       {D. Randall and M. Khairoutdinov and A. Arakawa and W. Grabowski},
 title =        {Breaking the Cloud Parameterization Deadlock},
 journal =      {Bulletin of the American Meteorological Society},
 year =         {2003},
 OPTkey =       {},
 volume =    {84},
 number =    {11},
 pages =     {1547-2564},
 OPTmonth =     {},
 OPTnote =      {},
 OPTannote =    {}
}



@Article{kairoutdinovRandall:2003,
 author =       {M. Kairoutdinov and D. Randall},
 title =        {Cloud Resolving Modeling of the {ARM} Summer 1997 {IOP}: Model Formulation, Results, Uncertainties, and Sensitivities},
 journal =      {Journal of the Atmospheric Sciences},
 year =         {2003},
 OPTkey =       {},
 volume =    {60},
 number =    {4},
 pages =     {607-625},
 OPTmonth =     {},
 OPTnote =      {},
 OPTannote =    {}
}

@Article{bonoColella:2009,
 author =       {C. Gatti-Bono and P. Colella},
 title =        {An allspeed projection and filtering method for
                  gravitationally stratified flows},
 journal =      {Proc. of the Royal Soc.},
 year =         {2009},
 OPTkey =       {},
 volume =    {},
 number =    {},
 OPTpages =     {},
 OPTmonth =     {},
 note =      {in press},
 OPTannote =    {}
}
@Article{bonoETAL:2009,
 author =       {C. Gatti-Bono and P. Colella and D. Trebotich},
 title =        {A Second-Order Accurate Conservative Front-Tracking
                  Method in One Dimension},
 journal =      {SIAM J. Sci. Comput.},
 year =         {2009},
 OPTkey =       {},
 volume =    {},
 number =    {},
 OPTpages =     {},
 OPTmonth =     {},
 note =      {in press},
 OPTannote =    {}
}

@TechReport{jablonowskiETAL:2008,
 author =       {C. Jablonowski and P. H. Lauritzen and R. D. Nair and M. Taylor},
 title =        {Idealized test cases for the dynamical cores of
                  Atmospheric General Circulation Models},
 journal =      {},
institution = {NCAR},
 year =         {2009},
 OPTkey =       {},
 volume =    {},
 number =    {},
 OPTpages =     {},
 OPTmonth =     {},
 note =      {to appear},
 OPTannote =    {}
}
@InProceedings{astronum2008,
 author =       {P. Colella and M. Dorr and J. Hittinger and
                  P. McCorquodale and D. F. Martin},
 title =        {High-Order Finite-Volume Methods on
                  Locally-Structured Grids, Proceedings},
   booktitle = {Proceedings, Astronum-2008 meeting, Astronomical
                  Society of the Pacific Conference Series},
   volume     = {406},
   year      = {2008}
}
@UNPUBLISHED{colellaETAL:2009,
 author =       {P. Colella and M. Dorr and J. Hittinger and
                  D. F. Martin},
        title={High-order finite-volume methods in mapped coordinates},
        note={in preparation},
        year={2009},
}
@INPROCEEDINGS{IPDPS2009,
 	AUTHOR = {B. Van~Straalen and J. Shalf and
            T. Ligocki and N. Keen and W. Yang},
 	TITLE = {Scalability Challenges for Massively Parallel AMR Applications},
  BOOKTITLE = {23rd IEEE International Symposium on Parallel and Distributed
               Processing, IPDPS 2009, Rome, Italy},
 	YEAR = {2009},
 	MONTH = {May},
  publisher = {IEEE Computer Society}
 }
@article{NonakaETAL:2009,
  author={A. Nonaka and D. Trebotich and G. H. Miller and D. T. Graves
                  and P. Colella},
  title={A higher-order upwind method for viscoelastic flow},
  journal={Communications in Applied Mathematics and
                  Computational Science},
note={submitted},
  year={2008}
}
@article{autotune,
  author={K. Datta and S. Kamil and S. Williams and L. Oliker and J. Shalf and K. Yelick},
  title={Optimization and Performance Modeling of Stencil Computations on Modern Microprocessors},
  journal={SIAM Review},
   volume     = {51},
number={1},
  year={2009}
}

@Article{Zalesak:1979,
  author =       {Steven Zalesak},
  title =        {Fully Multidimensional Flux-Corrected Transport Algorithms for Fluids},
  journal =      JCP,
  year =         {1979},
  OPTkey =       {},
  volume =    {31},
  OPTnumber =    {},
  pages =     {335-362},
  OPTmonth =     {},
  OPTnote =      {},
  OPTannote =    {}
}


@Article{FokRosales:2008,
  author =       {Pak-Wing Fok and Rodolfo R. Rosales},
  title =        {Multirate integration of axisymmetric step-flow equations},
  journal =      JCP,
  year =         {submitted},
  note =         {http://arxiv.org/abs/0810.2517v1}
}

@BOOK{GVL:1989,
author = {Gene H. Golub and Charles F. Van Loan},
title = {Matrix Computations},
publisher = {The Johns Hopkins University Press},
edition = {second},
address = {Baltimore and London},
year = {1989}
}


@BOOK{GVL:1996,
author = {Gene H. Golub and Charles F. Van Loan},
title = {Matrix Computations},
publisher = {The Johns Hopkins University Press},
edition = {third},
address = {Baltimore},
year = {1996}
}


@BOOK{spivak:calculusOnManifolds,
author = {Michael Spivak},
title = {Calculus on Manifolds},
publisher = {Westview Press},
year = {1965}
}

@inproceedings {QAMR:1989,
    AUTHOR = {J.B. Bell and P. Colella and J.A. Trangenstein and M. Welcome},
    TITLE = {Adaptive Mesh Refinement on Moving Quadrilateral Grids},
   booktitle = {Proceedings of the {AIAA} 9th Computational Fluid Dynamics Conference},
   address   = {Buffalo, N.Y.},
   month     = {June},
   year      = 1989,
	pages={471--479},
}


@Article{SharmaColellaMartin:2011,
  author =       {Sharma, P and Colella P. and Martin D.F.},
  title =        {Numerical Implementation of Streaming Down the Gradient: Application to Fluid Modeling of Cosmic Rays},
  journal =      {SIAM Journal on Scientific Computing },
  year =         {2011},
  OPTkey =       {},
  volume =    {32},
  number =    {6},
  pages =     {3564-3583},
  OPTmonth =     {},
  OPTnote =      {},
  OPTannote =    {}
}


@article{cm11,
	Author = {S.L. Cornford and D.F. Martin and D.T. Graves and D.F. Ranken and A.M. LeBrocq and R.M. Gladstone and A.J. Payne and E.G. Ng and W.H. Lipscomb},
	Journal = JCP,
	Title = {Adaptive Mesh, finite-volume modeling of marine ice sheets},
	Volume = {submitted},
	Year = {2011}}

@Article{Balsara:2001,
  author =       {D.S. Balsara},
  title =        {Divergence-Free Adaptive Mesh Refinement for Magnetohydrodynamics},
  journal =      JCP,
  year =         {2001},
  OPTkey =       {},
  volume =    {174},
  number =    {2},
  pages =     {614-648},
  OPTmonth =     {},
  OPTnote =      {},
  OPTannote =    {}
}

@ARTICLE{mccorquodaleColella:2011,
author = {P. McCorquodale and P. Colella},
title = {A high-order finite-volume method for conservation laws
on locally refined grids},
journal= CAMCOS,
volume = {6},
year = {2011},
pages = {1--26}
}

@ARTICLE{colellaETAL:2011,
 author = {P. Colella and M. Dorr and J. Hittinger and D. F. Martin},
        title={High-order finite-volume methods in mapped coordinates},
        journal = JCP,
        volume = {230},
        year={2011},
       pages = {2952--2976}
}
